@Book{Ahm13,
author = {Ahmadi, S.},
title = {LTE-Advanced},
publisher = {Academic Press},
year = {2013},
address = {Massachusetts, United States},
langid = {english},
}

@Book{TanWet11,
author = {Tanenbaum, A. and Wetherall, D.},
title = {Computer Networks},
publisher = {Pearson Education Inc.},
year = {2011},
address = {New York, United States},
langid = {english},
}

@misc{Wiki01,
	author = {{Wikipedia contributors}},
	title = {{Model OSI}},
	year = {2020},
	url = "https://pl.wikipedia.org/wiki/Model_OSI",
	note = {[Online; accessed 27.09.2020]}
}